<?xml version="1.0" encoding="UTF-8"?><collection xmlns="http://www.loc.gov/MARC21/slim"><record><leader>00355nam--2200133-i-4500</leader><controlfield tag="001">000030811</controlfield><controlfield tag="002">20161230</controlfield><controlfield tag="005">20161230201038</controlfield><controlfield tag="008">060222s1000------------r-----000-0-eng-d</controlfield><datafield ind1=" " ind2=" " tag="080"><subfield code="a">007:621.391</subfield></datafield><datafield ind1=" " ind2=" " tag="100"><subfield code="a">Manolescu, Gorun</subfield></datafield><datafield ind1=" " ind2=" " tag="245"><subfield code="a">Abordarea ierarhic structurala si informatica</subfield></datafield><datafield ind1=" " ind2=" " tag="260"><subfield code="a">Bucuresti, Editura Academiei Rsr, 1982, 193p</subfield></datafield><datafield ind1=" " ind2=" " tag="852"><subfield code="a">70514</subfield></datafield></record></collection>